@book{BOOK:1,
    AUTHOR="John Doe",
    TITLE="The Book without Title",
    PUBLISHER="Dummy Publisher",
    YEAR="2100",
}

@inbook{BOOK:2,
    AUTHOR="John Doe",
    TITLE="The Book without Title",
    PUBLISHER="Dummy Publisher",
    YEAR="2100",
    PAGES="100-200",
}

@misc{WEBSITE:1,
    HOWPUBLISHED = "\url{http://example.com}",
    AUTHOR = "Intel",
    TITLE = "Example Website",
    MONTH = "Dec",
    YEAR = "1988",
    NOTE = "Accessed on 2012-11-11"
}